@misc{auto_electronics,
    title={Automotive electronics},
    note={\url{https://en.wikipedia.org/wiki/Automotive_electronics}},
    journal={Wikipedia},
    publisher={Wikimedia Foundation},
    year={2023},
    month={Jan}
    }

@article{huang_2019_invehicle,
  author = {Huang, Jun and Zhao, Mingli and Zhou, Yide and Xing, Cong-Cong},
  month = {01},
  pages = {92-98},
  title = {In-Vehicle Networking: Protocols, Challenges, and Solutions},
  doi = {10.1109/mnet.2018.1700448},
  volume = {33},
  year = {2019},
  journal = {IEEE Network}
}

@misc{vinodhkumar_2014_automotive,
  author = {Vinodh Kumar, B and Ramesh, J},
  month = {01},
  pages = {1â€“5},
  title = {Automotive in vehicle network protocols},
  doi = {10.1109/ICCCI.2014.6921836},
  url = {https://ieeexplore.ieee.org/document/6921836},
  urldate = {2022-08-03},
  year = {2014},
  organization = {IEEE Xplore}
}